@book{ABNT2011,
address = {Rio de Janeiro},
author = {ABNT},
file = {:C$\backslash$:/Users/dudua/OneDrive/Documentos/Mendeley/2011 - NBR 14724 - Informa{\c{c}}{\~{a}}o e documenta{\c{c}}{\~{a}}o - Trabalhos acad{\^{e}}micos - Apresenta{\c{c}}{\~{a}}o.pdf:pdf},
isbn = {978-85-07-02680-8},
title = {{NBR 14724 - Informa{\c{c}}{\~{a}}o e documenta{\c{c}}{\~{a}}o - Trabalhos acad{\^{e}}micos - Apresenta{\c{c}}{\~{a}}o}},
year = {2011}
}
@inproceedings{SantanadaSilva2020,
author = {{Sant'ana da Silva}, Eduardo and Quandt, Ver{\^{o}}nica and Alberti, Eduardo},
doi = {10.21125/inted.2020.1102},
month = {mar},
pages = {3986--3989},
title = {{OSCILLOSCOPE AND SIGNAL GENERATOR EDUCATIONAL KIT}},
url = {http://library.iated.org/view/SANTANADASILVA2020OSC},
year = {2020}
}
@misc{ABNT2002,
address = {Rio de Janeiro},
author = {{Associa{\c{c}}{\~{a}}o Brasileira de Normas T{\'{e}}cnicas (ABNT)}},
file = {:C$\backslash$:/Users/dudua/OneDrive/Documentos/Mendeley/2002 - NBR 60232002.pdf:pdf},
title = {{NBR 6023/2002}},
year = {2002}
}
@techreport{UniversidadePositivoUP2019,
address = {Curitiba},
author = {{Universidade Positivo (UP)}},
institution = {Universidade Positivo},
title = {{Normas de Apresenta{\c{c}}{\~{a}}o de Trabalhos T{\'{e}}cnicos}},
url = {https://www.up.edu.br/biblioteca/abnt---normas},
year = {2019}
}
